<marc:record>
<marc:leader>02765cam a2200469 a 4500</marc:leader>
<marc:controlfield tag="001">341378</marc:controlfield>
<marc:controlfield tag="005">20130219172414.0</marc:controlfield>
<marc:controlfield tag="008">860313s1776    enk           00000 eng d</marc:controlfield>
<marc:datafield ind1=" " ind2=" " tag="035">
<marc:subfield code="a">(PUVoyagerBIBID)187836</marc:subfield>
</marc:datafield>
<marc:datafield ind1=" " ind2=" " tag="035">
<marc:subfield code="a">(CStRLIN)PAUG86-B9752</marc:subfield>
</marc:datafield>
<marc:datafield ind1=" " ind2=" " tag="035">
<marc:subfield code="a">(MediadbVoyBIBID)341378</marc:subfield>
</marc:datafield>
<marc:datafield ind1=" " ind2=" " tag="035">
<marc:subfield code="9">ABB1225</marc:subfield>
</marc:datafield>
<marc:datafield ind1=" " ind2=" " tag="035">
<marc:subfield code="a">(END)sm_pr3991_a1_c67_1776</marc:subfield>
</marc:datafield>
<marc:datafield ind1=" " ind2=" " tag="040">
<marc:subfield code="a">PU</marc:subfield>
<marc:subfield code="c">PU</marc:subfield>
</marc:datafield>
<marc:datafield ind1=" " ind2=" " tag="090">
<marc:subfield code="a">PR3991.A1</marc:subfield>
<marc:subfield code="b">C67 1776</marc:subfield>
<marc:subfield code="i">03/13/86 CTZ</marc:subfield>
</marc:datafield>
<marc:datafield ind1="0" ind2="4" tag="245">
<marc:subfield code="a">The Correspondents :</marc:subfield>
<marc:subfield code="b">an original novel : in a series of letters.</marc:subfield>
</marc:datafield>
<marc:datafield ind1=" " ind2=" " tag="246">
<marc:subfield code="a">Correspondents, an original novel; in a series of letters. A new edition.</marc:subfield>
<marc:subfield code="d">Letter-press</marc:subfield>
<marc:subfield code="x">Work</marc:subfield>
<marc:subfield code="g">Full</marc:subfield>
</marc:datafield>
<marc:datafield ind1=" " ind2=" " tag="250">
<marc:subfield code="a">A new edition.</marc:subfield>
<marc:subfield code="b">New edition</marc:subfield>
</marc:datafield>
<marc:datafield ind1="0" ind2=" " tag="260">
<marc:subfield code="a">London</marc:subfield>
<marc:subfield code="b">Printed for T. Becket, corner of the Adelphi, in the Strand.</marc:subfield>
<marc:subfield code="c">MDCCLXXVI.</marc:subfield>
<marc:subfield code="a">[London]</marc:subfield>
</marc:datafield>
<marc:datafield ind1=" " ind2=" " tag="300">
<marc:subfield code="a">264 p. ;</marc:subfield>
<marc:subfield code="c">17 cm. (12mo)</marc:subfield>
<marc:subfield code="x">Duodecimo</marc:subfield>
<marc:subfield code="a">[1 v.]</marc:subfield>
</marc:datafield>
<marc:datafield ind1=" " ind2=" " tag="500">
<marc:subfield code="a">Said to be based on correspondance between George, Lord Lyttelton and Mrs. Apphia Peach.  Cf. Davis, R.M. ""The correspondents"" PMLA 51 1936."</marc:subfield>
</marc:datafield>
<marc:datafield ind1=" " ind2=" " tag="500">
<marc:subfield code="a">Title from NUC pre-56, v. 123, p. 508.</marc:subfield>
</marc:datafield>
<marc:datafield ind1=" " ind2=" " tag="500">
<marc:subfield code="a">Name on bookplate on front pastedown has been effaced, but has "" '78"" written in ink below."</marc:subfield>
</marc:datafield>
<marc:datafield ind1=" " ind2=" " tag="500">
<marc:subfield code="a">It appears that there has was an inscription on recto of the front free endpaper, but it has been cut out.</marc:subfield>
</marc:datafield>
<marc:datafield ind1=" " ind2=" " tag="500">
<marc:subfield code="a">The top of the title page has been cut off.</marc:subfield>
</marc:datafield>
<marc:datafield ind1="4" ind2=" " tag="510">
<marc:subfield code="a">ESTC (RLIN)</marc:subfield>
<marc:subfield code="c">T144516</marc:subfield>
</marc:datafield>
<marc:datafield ind1=" " ind2=" " tag="590">
<marc:subfield code="a">Imperfect: t. p. mutilated.</marc:subfield>
</marc:datafield>
<marc:datafield ind1=" " ind2=" " tag="591">
<marc:subfield code="a">--Shake not thine auburn locks at me;---Thou canst not say I did it.--</marc:subfield>
<marc:subfield code="b">Macbeth</marc:subfield>
<marc:subfield code="c">Shakespeare, William</marc:subfield>
<marc:subfield code="x">Variation on line from Macbeth: ""Thou canst not say I did it: never shake---Thy gory locks at me"" (Act III scene iv, l. 49-50)."</marc:subfield>
</marc:datafield>
<marc:datafield ind1=" " ind2=" " tag="592">
<marc:subfield code="a">Epistolary</marc:subfield>
<marc:subfield code="c">Poems(s)</marc:subfield>
<marc:subfield code="x">Letters are unsigned and are labeled ""To *"" or ""To **"".</marc:subfield>
<marc:subfield code="x">Contains footnotes citing allusions."</marc:subfield>
</marc:datafield>
<marc:datafield ind1=" " ind2=" " tag="595">
<marc:subfield code="a">Ink</marc:subfield>
<marc:subfield code="b">Words</marc:subfield>
<marc:subfield code="x">On title page below ""in a series of letters"" it has been written ""between Lord Littleton &amp; Mrs. Peach,"" and below publication information it has been written ""Mrs. Peach after Lord Littleton's death married his son."</marc:subfield>
</marc:datafield>
<marc:datafield ind1=" " ind2="4" tag="650">
<marc:subfield code="a">CHR 1776</marc:subfield>
</marc:datafield>
<marc:datafield ind1=" " ind2="7" tag="656">
<marc:subfield code="a">Epistolary fiction</marc:subfield>
<marc:subfield code="z">England</marc:subfield>
<marc:subfield code="y">18th century.</marc:subfield>
<marc:subfield code="2">rbgenr</marc:subfield>
</marc:datafield>
<marc:datafield ind1=" " ind2=" " tag="700">
<marc:subfield code="a">Becket, Thomas</marc:subfield>
<marc:subfield code="4">Printed for</marc:subfield>
<marc:subfield code="5">Authorized</marc:subfield>
</marc:datafield>
<marc:datafield ind1=" " ind2=" " tag="700">
<marc:subfield code="a">Shakespeare, William</marc:subfield>
<marc:subfield code="d">1564-1616</marc:subfield>
<marc:subfield code="4">Author (epigraph)</marc:subfield>
<marc:subfield code="5">Authorized</marc:subfield>
</marc:datafield>
<marc:datafield ind1=" " ind2=" " tag="710">
<marc:subfield code="a">Becket, Thomas</marc:subfield>
<marc:subfield code="4">Printed for</marc:subfield>
<marc:subfield code="5">Authorized</marc:subfield>
</marc:datafield>
<marc:datafield ind1="2" ind2=" " tag="710">
<marc:subfield code="a">Early Novels</marc:subfield>
<marc:subfield code="5">University of Pennsylvania</marc:subfield>
</marc:datafield>
<marc:datafield ind1="2" ind2=" " tag="710">
<marc:subfield code="a">Collection of British and American Fiction, 1660-1830 (University of Pennsylvania)</marc:subfield>
</marc:datafield>
<marc:datafield ind1="0" ind2="0" tag="852">
<marc:subfield code="b">scsing</marc:subfield>
<marc:subfield code="t">1</marc:subfield>
<marc:subfield code="h">PR3991.A1</marc:subfield>
<marc:subfield code="i">C67 1776</marc:subfield>
<marc:subfield code="x">id=9999</marc:subfield>
</marc:datafield>
<marc:datafield ind1=" " ind2=" " tag="950">
<marc:subfield code="l">RBC</marc:subfield>
<marc:subfield code="e">\\\\\\\\Singer-\\\\Menden-\\\\hall\\\\</marc:subfield>
<marc:subfield code="i">03/13/86 C</marc:subfield>
</marc:datafield>
<marc:datafield ind1=" " ind2=" " tag="955">
<marc:subfield code="l">RBC</marc:subfield>
<marc:subfield code="c">1</marc:subfield>
<marc:subfield code="q">50-678</marc:subfield>
<marc:subfield code="s">g. Singer-Mendenhall</marc:subfield>
<marc:subfield code="i">03/13/86 C</marc:subfield>
</marc:datafield>
<marc:datafield ind1=" " ind2=" " tag="989">
<marc:subfield code="2">Correspondent</marc:subfield>
<marc:subfield code="2">Novel</marc:subfield>
<marc:subfield code="2">Series</marc:subfield>
<marc:subfield code="2">Letter</marc:subfield>
<marc:subfield code="2">Edition</marc:subfield>
<marc:subfield code="3">Original</marc:subfield>
<marc:subfield code="3">New</marc:subfield>
<marc:subfield code="7">Letter</marc:subfield>
</marc:datafield>
<marc:datafield ind1=" " ind2=" " tag="999">
<marc:subfield code="a">MJR</marc:subfield>
<marc:subfield code="b">6/15/11</marc:subfield>
</marc:datafield>
</marc:record>